<record><leader>00000cas a2200000 a 4500</leader><controlfield tag="001">32586367</controlfield><controlfield tag="007">hd bfu---baat</controlfield><controlfield tag="007">hd afu---bact</controlfield><controlfield tag="008">950602d18811901nbuwr nea     0    0eng c</controlfield><datafield ind1=" " ind2=" " tag="010"><subfield code="a">sn 95069758 </subfield></datafield><datafield ind1=" " ind2=" " tag="040"><subfield code="a">NVG</subfield><subfield code="b">eng</subfield><subfield code="c">NVG</subfield><subfield code="d">OCLCQ</subfield><subfield code="d">OCLCF</subfield><subfield code="d">OCLCO</subfield></datafield><datafield ind1="1" ind2=" " tag="029"><subfield code="a">AU@</subfield><subfield code="b">000011738061</subfield></datafield><datafield ind1=" " ind2=" " tag="042"><subfield code="a">pcc</subfield></datafield><datafield ind1=" " ind2=" " tag="043"><subfield code="a">n-us-nb</subfield></datafield><datafield ind1="0" ind2="4" tag="245"><subfield code="a">The Neligh advocate</subfield><subfield code="h">[microform].</subfield></datafield><datafield ind1=" " ind2=" " tag="260"><subfield code="a">Neligh, Antelope County, Neb. :</subfield><subfield code="b">Judson Graves,</subfield><subfield code="c">1881-1901.</subfield></datafield><datafield ind1=" " ind2=" " tag="300"><subfield code="a">v.</subfield></datafield><datafield ind1=" " ind2=" " tag="310"><subfield code="a">Weekly</subfield></datafield><datafield ind1="0" ind2=" " tag="362"><subfield code="a">Vol. 1, no. 1 (Aug. 6, 1881)-v. 6, no. 49 (Nov. 29, 1901).</subfield></datafield><datafield ind1=" " ind2=" " tag="515"><subfield code="a">Suspended following Nov. 30, 1894 issue; resumed with new ser. vol. 1, no. 1 (Jan. 3, 1896).</subfield></datafield><datafield ind1=" " ind2=" " tag="515"><subfield code="a">Old ser. numbering was retained following suspension, but didn't necessarily change with each issue and was generally inaccurate.</subfield></datafield><datafield ind1=" " ind2=" " tag="533"><subfield code="a">Microfilm.</subfield><subfield code="m">1881-1894,1896-1901:[Gaps]</subfield><subfield code="b">Lincoln, Neb. :</subfield><subfield code="c">Nebraska State Historical Society,</subfield><subfield code="d">1958.</subfield><subfield code="e">6 microfilm reels ; 35 mm.</subfield></datafield><datafield ind1=" " ind2="0" tag="651"><subfield code="a">Neligh (Neb.)</subfield><subfield code="v">Newspapers.</subfield></datafield><datafield ind1=" " ind2="7" tag="655"><subfield code="a">Newspapers.</subfield><subfield code="2">fast</subfield><subfield code="0">(OCoLC)fst01423814</subfield></datafield><datafield ind1=" " ind2="7" tag="651"><subfield code="a">Nebraska</subfield><subfield code="z">Neligh.</subfield><subfield code="2">fast</subfield><subfield code="0">(OCoLC)fst01255913</subfield></datafield><datafield ind1=" " ind2=" " tag="752"><subfield code="a">United States</subfield><subfield code="b">Nebraska</subfield><subfield code="c">Antelope</subfield><subfield code="d">Neligh.</subfield></datafield><datafield ind1="0" ind2="0" tag="780"><subfield code="t">Antelope County eagle</subfield><subfield code="w">(DLC)sn 95069757</subfield></datafield><datafield ind1="0" ind2="4" tag="785"><subfield code="t">Neligh leader</subfield><subfield code="w">(DLC)sn 95069759</subfield></datafield></record>